<record><leader>00000cas a2200000 a 4500</leader><controlfield tag="001">26604785</controlfield><controlfield tag="008">920915d1uuu1952cauwr ne      0    0eng c</controlfield><datafield ind1=" " ind2=" " tag="010"><subfield code="a">sn 92069402 </subfield></datafield><datafield ind1=" " ind2=" " tag="040"><subfield code="a">CUY</subfield><subfield code="b">eng</subfield><subfield code="c">CNK</subfield><subfield code="d">OCLCQ</subfield><subfield code="d">CNK</subfield><subfield code="d">OCLCQ</subfield><subfield code="d">OCLCF</subfield><subfield code="d">OCLCO</subfield></datafield><datafield ind1=" " ind2=" " tag="042"><subfield code="a">pcc</subfield></datafield><datafield ind1=" " ind2=" " tag="043"><subfield code="a">n-us-ca</subfield></datafield><datafield ind1="0" ind2="0" tag="245"><subfield code="a">Modoc County record and Surprise Valley record.</subfield></datafield><datafield ind1="3" ind2="0" tag="246"><subfield code="a">Modoc County record</subfield></datafield><datafield ind1="3" ind2="0" tag="246"><subfield code="a">Surprise Valley record</subfield></datafield><datafield ind1=" " ind2=" " tag="260"><subfield code="a">Alturas, Modoc County, Calif. :</subfield><subfield code="b">Robert M. Sloss</subfield></datafield><datafield ind1=" " ind2=" " tag="300"><subfield code="a">v.</subfield></datafield><datafield ind1=" " ind2=" " tag="310"><subfield code="a">Weekly</subfield></datafield><datafield ind1="1" ind2=" " tag="362"><subfield code="a">Ceased in 1952.</subfield></datafield><datafield ind1=" " ind2=" " tag="530"><subfield code="a">Master negatives are available for duplication from:</subfield><subfield code="b">California Newspaper Microfilm Archive;</subfield><subfield code="c">positive copies may be purchased by the reel; for further information consult the CNMA at:</subfield><subfield code="u">http://cbsr.ucr.edu</subfield></datafield><datafield ind1=" " ind2=" " tag="588"><subfield code="a">Description based on: Vol. 45, no. 1 (Feb. 11, 1937).</subfield></datafield><datafield ind1=" " ind2="0" tag="651"><subfield code="a">Modoc County (Calif.)</subfield><subfield code="v">Newspapers.</subfield></datafield><datafield ind1=" " ind2="7" tag="655"><subfield code="a">Newspapers.</subfield><subfield code="2">fast</subfield><subfield code="0">(OCoLC)fst01423814</subfield></datafield><datafield ind1=" " ind2="7" tag="651"><subfield code="a">California</subfield><subfield code="z">Modoc County.</subfield><subfield code="2">fast</subfield><subfield code="0">(OCoLC)fst01218112</subfield></datafield><datafield ind1=" " ind2=" " tag="752"><subfield code="a">United States</subfield><subfield code="b">California</subfield><subfield code="c">Modoc</subfield><subfield code="d">Alturas.</subfield></datafield><datafield ind1="0" ind2="7" tag="785"><subfield code="t">Alturas plaindealer and Modoc County times</subfield><subfield code="w">(DLC)sn 92069398</subfield></datafield><datafield ind1="0" ind2="7" tag="785"><subfield code="t">Modoc County record and Alturas plaindealer</subfield><subfield code="w">(DLC)sn 92069399</subfield></datafield></record>